%! Author = PERCY
%! Date = 24/12/2023

